@misc{enunciado,
author = "{Gestão de Redes}",
title = "{Trabalho Prático Nº1}",
year = 2017,
howpublished = "{Publicado na plataforma Blackboard}",
}

